@inproceedings{Tovarňák_Sadlek_Čeleda_2021,
    title = {Graph-Based CPE Matching for Identification of Vulnerable Asset Configurations},
    issn = {1573-0077},
    url = {https://ieeexplore.ieee.org/document/9463994},
    booktitle = {2021 IFIP/IEEE International Symposium on Integrated Network Management (IM)},
    author = {Tovarňák, Daniel and Sadlek, Lukáš and Čeleda, Pavel},
    year = {2021},
    month = may,
}

@techreport{CISA2023,
    author = {{Cybersecurity and Infrastructure Security Agency (CISA)}},
    title = {Software Identification Ecosystem Option Analysis},
    institution = {CISA},
    year = {2023},
    url = {https://www.cisa.gov/sites/default/files/2023-10/Software-Identification-Ecosystem-Option-Analysis-508c.pdf}
}

@inproceedings{Manion_Proell_Schmidt2023,
    author = {Manion, Art and Proell, Thomas and Schmidt, Thomas},
    title = {Universal (Software) Product Identity: Solving a Hard Problem Twice Over},
    booktitle = {FIRSTCON23},
    year = {2023},
    url = {https://www.first.org/resources/papers/conf2023/FIRSTCON23-TLPCLEAR-Schmidt-Manion-Universal-Software-Product-Indentity.pdf},
    urldate = {2025-04-21},
    language = {en}
}

@article{OpenSourceMonitorWintergerst,
    title = {Open Source Monitor 2023},
    author = {Wintergerst, Dr Ralf},
    organization = {Bitkom},
    language = {de},
    year = {2023},
    url = {https://www.bitkom.org/sites/main/files/2023-09/bitkom-studie-open-source-monitor-2023.pdf},
}

@misc{eu2024cra,
    title = {Regulation (EU) 2024/2847 of the European Parliament and of the Council of 23 October 2024 on horizontal cybersecurity requirements for products with digital elements (Cyber Resilience Act)},
    year = {2024},
    organization = {European Union},
    url = {http://data.europa.eu/eli/reg/2024/2847/oj},
    note = {Official Journal of the European Union, L Series, 20.11.2024}
}

@article{Sanguino_Uetz_2017,
    title = {Software Vulnerability Analysis Using CPE and CVE},
    author = {Sanguino, Luis Alberto Benthin and Uetz, Rafael},
    year = {2017},
    month = may,
    eprint = {1705.05347},
    eprinttype = {arXiv},
    archiveprefix = {cs},
    doi = {10.48550/arXiv.1705.05347},
}

@online{nvd12mai2025dashboard,
    author = {{National Institute of Standards and Technology}},
    title = {National Vulnerability Database Dashboard},
    year = {2025},
    url = {https://nvd.nist.gov/general/nvd-dashboard},
    urldate = {2025-05-12},
    organization = {U.S. Department of Commerce},
    howpublished = {NIST Official Website}
}

@article{Idrissi_Sebai_Faroukhi_Mahouachi_2024,
    title = {A Comprehensive Review and Assessment of Cybersecurity Vulnerability Detection Methodologies},
    author = {Bennouk, Khalid and Ait Aali, Nawal and El Bouzekri El Idrissi, Younès and Sebai, Bechir and Faroukhi, Abou Zakaria and Mahouachi, Dorra},
    volume = {4},
    issn = {2624-800X},
    doi = {10.3390/jcp4040040},
    number = {44},
    journal = {Journal of Cybersecurity and Privacy},
    publisher = {MDPI},
    year = {2024},
    month = dec,
    language = {en}
}

@inproceedings{Ushakov_Doynikova_Novikova_Kotenko_2021,
    title = {CPE and CVE based Technique for Software Security Risk Assessment},
    volume = {1},
    ISSN = {2770-4254},
    DOI = {10.1109/IDAACS53288.2021.9660968},
    booktitle = {2021 11th IEEE International Conference on Intelligent Data Acquisition and Advanced Computing Systems: Technology and Applications (IDAACS)},
    author = {Ushakov, Roman and Doynikova, Elena and Novikova, Evgenia and Kotenko, Igor},
    year = {2021},
    month = sep,
}

@techreport{Cheikes_Waltermire_Scarfone_2011,
    title = {Common Platform Enumeration: Naming Specification Version 2.3},
    author = {Cheikes, Brant and Waltermire, David and Scarfone, Karen},
    institution = {National Institute of Standards and Technology (NIST)},
    year = {2011},
    month = aug,
    number = {NISTIR 7695},
    doi = {10.6028/NIST.IR.7695},
    language = {en}
}

@techreport{Cichonski_Waltermire_Scarfone_2011,
    title = {Common Platform Enumeration: Dictionary Specification Version 2.3},
    author = {Cichonski, Paul and Waltermire, David and Scarfone, Karen},
    institution = {National Institute of Standards and Technology (NIST)},
    year = {2011},
    month = aug,
    number = {NISTIR 7697},
    doi = {10.6028/NIST.IR.7697},
    language = {en}
}

@techreport{Parmelee_Booth_Waltermire_Scarfone_2011,
    title = {Common Platform Enumeration: Name Matching Specification Version 2.3},
    author = {Parmelee, Mary and Booth, Harold and Waltermire, David A. and Scarfone, Karen},
    institution = {National Institute of Standards and Technology (NIST)},
    year = 2011,
    month = aug,
    journal = {NIST},
    publisher = {Mary Parmelee, Harold Booth, David A. Waltermire, Karen Scarfone},
    url = {https://www.nist.gov/publications/common-platform-enumeration-name-matching-specification-version-23},
    language = {en}
}

@techreport{Waltermire_Cichonski_Scarfone_2011,
    title = {Common Platform Enumeration: Applicability Language Specification Version 2.3},
    author = {Waltermire, David and Cichonski, Paul and Scarfone, Karen},
    institution = {National Institute of Standards and Technology (NIST)},
    year = {2011},
    month = aug,
    number = {NISTIR 7698},
    doi = {10.6028/NIST.IR.7698},
    abstractnote = {This report defines the Common Platform Enumeration (CPE) Applicability Language version 2.3 specification. The CPE Applicability Language specification is part of a stack of CPE specifications that support a variety of use cases relating to IT product description and naming. The CPE Applicability Language data model builds on top of other CPE specifications to provide the functionality required to allow CPE users to construct complex groupings of CPE names to describe IT platforms. These groupings are referred to as applicability statements because they are used to designate which platforms particular guidance, policies, etc. apply to. This report defines the semantics of the CPE Applicability Language data model and the requirements that IT products and CPE Applicability Language documents must meet for conformance with the CPE Applicability Language version 2.3 specification.},
    institution = {National Institute of Standards and Technology},
    language = {en}
}

@article{Sun_Ou_Zheng_Liao_Wang_Zhang_2023,
    title = {Inconsistent measurement and incorrect detection of software names in security vulnerability reports},
    author = {Sun, Hongyu and Ou, Guoliang and Zheng, Ziqiu and Liao, Lei and Wang, He and Zhang, Yuqing},
    year = {2023},
    month = dec,
    journal = {Computers & Security},
    volume = {135},
    doi = {10.1016/j.cose.2023.103477},
    issn = {01674048},
    language = {en}
}

@article{wu2016cwe,
    title = {They Know Your Weaknesses – Do You?: Reintroducing Common Weakness Enumeration},
    author = {Wu, Yan and Yesha, Yaacov and Bojanova, Irena and Black, Paul E.},
    journal = {Computer},
    volume = {49},
    number = {5},
    year = {2016},
    url = {https://www.nist.gov/publications/they-know-your-weaknesses-150-do-you-reintroducing-common-weakness-enumeration}
}

@book{Ross_Winstead_McEvilley_2022,
    title = {Engineering trustworthy secure systems},
    author = {Ross, Ron and Winstead, Mark and McEvilley, Michael},
    year = 2022,
    month = nov,
    address = {Gaithersburg, MD},
    doi = {10.6028/NIST.SP.800-160v1r1},
    publisher = {National Institute of Standards and Technology (U.S.)},
    language = {en}
}

@misc{CveGlossaryCommonVulnerabilitiesAndExposures12mai2025,
    author = {{MITRE Corporation}},
    title = {CVE: Common Vulnerabilities and Exposure Glossary},
    year = {2025},
    url = {https://www.cve.org/ResourcesSupport/Glossary},
    urldate = {2025-05-12},
    howpublished = {CVE Official Website}
}

@inproceedings{Takahashi_Miyamoto_Nakao_2016,
    title = {Toward automated vulnerability monitoring using open information and standardized tools},
    author = {Takahashi, Takeshi and Miyamoto, Daisuke and Nakao, Koji},
    year = 2016,
    month = mar,
    booktitle = {2016 IEEE International Conference on Pervasive Computing and Communication Workshops (PerCom Workshops)},
    doi = {10.1109/PERCOMW.2016.7457049}
}

@book{foreman2019vulnerabilityManagement,
    title = {Vulnerability Management},
    author = {Foreman, Park},
    edition = {2nd},
    year = {2019},
    publisher = {CRC Press, Taylor \& Francis Group},
    address = {Boca Raton, FL},
    isbn = {978-0-367-23514-7}
}

@article{Bi_Xia_Xing_Lu_Zhu_2023,
    title = {On the Way to SBOMs: Investigating Design Issues and Solutions in Practice},
    author = {Bi, Tingting and Xia, Boming and Xing, Zhenchang and Lu, Qinghua and Zhu, Liming},
    year = 2023,
    month = aug,
    publisher = {arXiv},
    number = {arXiv:2304.13261},
    doi = {10.48550/arXiv.2304.13261},
}

@online{spdxOverview1june2024,
    author = {{The Linux Foundation}},
    title = {SPDX: About Overview},
    organization = {The Linux Foundation},
    year = {2024},
    url = {https://spdx.dev/about/overview},
    urldate = {2025-06-01},
    howpublished = {SPDX Official Website}
}

@online{CycloneDX2024Spec,
    author = {{OWASP Foundation and Ecma International}},
    title = {CycloneDX Specification Overview},
    year = {2024},
    url = {https://cyclonedx.org/specification/},
    urldate = {2025-06-01},
    howpublished = {CycloneDX Official Website},
    version = {1.6},
    organization = {Technical Committee TC54},
    keywords = {SBOM, Software Bill of Materials, Supply Chain Security, OWASP, Ecma-424}
}

@online{PackageURLSpec,
    author = {{Package URL Project}},
    title = {Package URL Specification (PURL)},
    year = {2024},
    url = {https://github.com/package-url/purl-spec/blob/main/PURL-SPECIFICATION.rst},
    urldate = {2025-07-06},
    howpublished = {GitHub Repository},
    version = {1.0.X},
    keywords = {package URL, purl, software identification, package management}
}

@online{EndOfLifeDateHomepage,
    author = {{endoflife.date Project}},
    title = {endoflife.date - Informative Lifecycles of Software Products},
    year = {2025},
    url = {https://endoflife.date},
    urldate = {2025-07-07},
    keywords = {end of life, EOL, software lifecycle, support status, release cycles}
}

@online{GuavaCachesExplained,
    author = {{Google Inc.}},
    title = {Guava Wiki: Caches Explained},
    year = {2021},
    url = {https://github.com/google/guava/wiki/CachesExplained},
    urldate = {2025-07-13},
    keywords = {Guava, caching, LoadingCache, CacheBuilder, Java utilities}
}

@standard{ecma424:2024,
    author = {{Ecma International}},
    title = {ECMA-424: CycloneDX Bill of Materials Specification},
    organization = {Technical Committee TC54},
    month = {6},
    year = {2024},
    publisher = {Ecma International},
    address = {Rue du Rhône 114, 1204 Geneva, Switzerland},
    url = {https://www.ecma-international.org/publications-and-standards/standards/ecma-424/},
    howpublished = {Ecma International Standard},
    type = {Standard},
    keywords = {SBOM, Software Bill of Materials, CycloneDX, Supply Chain Security}
}

@article{Huebner_2003,
    title = {CAS bringt Übersicht in die publizierte Chemie},
    author = {Hübner, Karl},
    journal = {Chemie in unserer Zeit},
    volume = {37},
    number = {4},
    year = {2003},
    pages = {284–-285},
    doi = {10.1002/ciuz.200390060},
    issn = {1521-3781},
    language = {de}
}

@online{MdnRegularExpressions2025,
    author = {{MDN Contributors}},
    title = {Regular Expressions - JavaScript | MDN},
    url = {https://developer.mozilla.org/en-US/docs/Web/JavaScript/Guide/Regular_expressions},
    urldate = {2025-06-10},
    year = {2025},
    howpublished = {Mozilla Developer Network}
}

@techreport{BSI_TR03183,
    author = {{Bundesamt für Sicherheit in der Informationstechnik (BSI)}},
    title = {Technische Richtlinie BSI TR-03183: Cyber-Resilienz-Anforderungen für Hersteller und Produkte},
    year = {2024},
    url = {https://www.bsi.bund.de/SharedDocs/Downloads/EN/BSI/Publications/TechGuidelines/TR03183/BSI-TR-03183-2-2_0_0.pdf?__blob=publicationFile&v=3},
    urldate = {2025-06-22}
}

@inproceedings{Gawron2017,
    author = {Gawron, Marian and Cheng, Feng and Meinel, Christoph},
    title = {PVD: Passive Vulnerability Detection},
    booktitle = {2017 8th International Conference on Information and Communication Systems (ICICS)},
    year = {2017},
    month = {4},
    doi = {10.1109/IACS.2017.7921992},
    publisher = {IEEE},
    organization = {Deutsche Bahn, Peking University, Hasso Plattner Institute}
}

@inproceedings{McClanahan_Li_2024,
    title = {Towards Automatically Matching Security Advisories to CPEs: String Similarity-based Vendor Matching},
    author = {McClanahan, Kylie and Li, Qinghua},
    year = {2024},
    month = feb,
    booktitle = {2024 International Conference on Computing, Networking and Communications (ICNC)},
    doi = {10.1109/ICNC59896.2024.10556231},
    issn = {2473-7585}
}

@inproceedings{Huff2021Recommender,
    author = {Huff, Philip and McClanahan, Kylie and Le, Thao and Li, Qinghua},
    title = {A Recommender System for Tracking Vulnerabilities},
    booktitle = {Proceedings of the 16th International Conference on Availability, Reliability and Security},
    series = {ARES '21},
    year = {2021},
    month = aug,
    day = {17},
    publisher = {Association for Computing Machinery},
    address = {New York, NY, USA},
    location = {Vienna, Austria},
    doi = {10.1145/3465481.3470039},
    isbn = {978-1-4503-9051-4}
}

@article{8846081,
    author = {Zou, Deqing and Wang, Sujuan and Xu, Shouhuai and Li, Zhen and Jin, Hai},
    title = {A Deep Learning-Based System for Multiclass Vulnerability Detection},
    journal = {IEEE Transactions on Dependable and Secure Computing},
    volume = {18},
    number = {5},
    year = {2021},
    doi = {10.1109/TDSC.2019.2942930}
}

@techreport{Boyens_Smith_Bartol_Winkler_Holbrook_Fallon_2024,
    title = {Cybersecurity Supply Chain Risk Management Practices for Systems and Organizations},
    author = {Boyens, Jon and Smith, Angela and Bartol, Nadya and Winkler, Kris and Holbrook, Alex and Fallon, Matthew},
    year = 2024,
    month = nov,
    number = {NIST Special Publication (SP) 800-161 Rev. 1},
    doi = {10.6028/NIST.SP.800-161r1-upd1},
    institution = {National Institute of Standards and Technology},
    language = {en}
}

@misc{ISO_29148_2018,
    title = {ISO/IEC/IEEE 29148:2018 – Systems and software engineering — Life cycle processes — Requirements engineering},
    year = 2018,
    organization = {International Organization for Standardization},
    note = {International Standard},
}

% https://flamingtempura.github.io/bibtex-tidy

%%%%% entries from template %%%%%

@online{Gao2017,
    Author = {Gao, Liangcai and Yi, Xiaohan and Hao, Leipeng and Jiang, Zhuoren and Tang, Zhi},
    Date-Added = {2017-06-19 19:21:12 +0000},
    Date-Modified = {2017-06-19 19:21:12 +0000},
    Title = {{ICDAR 2017 POD Competition: Evaluation}},
    Url = {http://www.icst.pku.edu.cn/cpdp/ICDAR2017_PODCompetition/evaluation.html},
    Urldate = {2017-05-30},
    Year = {2017},
}

@book{Kornmeier2011,
    Author = {Martin Kornmeier},
    Date-Added = {2012-04-04 12:07:45 +0000},
    Date-Modified = {2012-04-04 12:09:25 +0000},
    Edition = {9. Auflage},
    Keywords = {Writing},
    Publisher = {UTB GmbH},
    Title = {Wissenschaftlich schreiben leicht gemacht},
    ISBN = {978-3-825-25438-4},
    Year = {2021} }

@book{Kramer2009,
    Author = {Walter Kr{\"a}mer},
    Date-Added = {2011-10-27 13:55:22 +0000},
    Date-Modified = {2011-10-27 14:01:55 +0000},
    Edition = {3. Auflage},
    Keywords = {Writing},
    Month = {9},
    Publisher = {Campus Verlag},
    Title = {Wie schreibe ich eine Seminar- oder Examensarbeit?},
    ISBN = {978-3593390307},
    Year = {2009} }

@book{Willberg2021,
    Author = {Hans Peter Willberg and Friedrich Forssmann},
    Date-Added = {2011-11-10 08:58:09 +0000},
    Date-Modified = {2012-01-24 19:24:12 +0000},
    Keywords = {Writing},
    Publisher = {Verlag Hermann Schmidt},
    Title = {Wegweiser Schrift: Was passt - was wirkt - was stört? },
    ISBN = {978-3874398893},
    Year = {2021} }

@book{Forssman2002,
    Author = {Friedrich Forssman and Ralf de Jong},
    Date-Added = {2012-01-24 19:20:46 +0000},
    Date-Modified = {2012-01-24 19:21:56 +0000},
    Keywords = {Writing},
    Publisher = {Verlag Hermann Schmidt},
    Title = {Detailtypografie},
    ISBN = {978-3874396424},
    Year = {2002} }

@online{Weber2006,
    Author = {Stefan Weber},
    Date-Added = {2011-10-27 14:30:30 +0000},
    Date-Modified = {2011-10-27 14:32:34 +0000},
    Journal = {Telepolis},
    Keywords = {Writing},
    Lastchecked = {2011-10-27},
    Month = {12},
    Title = {Wissenschaft als Web-Sampling},
    Url = {http://www.heise.de/tp/druck/mb/artikel/24/24221/1.html},
    Urldate = {2011-10-27},
    Year = {2006},
}

@online{Wikipedia_HarveyBalls,
    Author = {{Harvey Balls}},
    Date-Added = {2011-10-27 14:30:30 +0000},
    Date-Modified = {2011-10-27 14:32:34 +0000},
    Lastchecked = {2018-02-07},
    Month = {4},
    Title = {Harvey Balls -- Wikipedia},
    Url = {https://de.wikipedia.org/w/index.php?title=Harvey_Balls&oldid=116517396},
    Urldate = {2018-02-07},
    Year = {2013} }

@online{Volere,
    Author = {{Volere Template}},
    Date-Added = {2011-10-27 14:30:30 +0000},
    Date-Modified = {2011-10-27 14:32:34 +0000},
    Lastchecked = {2019-01-31},
    Month = {1},
    Title = {Snowcards -- Volere},
    Url = {http://www.volere.co.uk},
    Urldate = {2019-01-31},
    Year = {2018} }

@techreport{Barbacci2003,
    abstract = {The Quality Attribute Workshop (QAW) is a facilitated method that engages system stake- holders early in the life cycle to discover the driving quality attributes of a software-intensive system. The QAW was developed to complement the Architecture Tradeoff Analysis Meth- odSM (ATAMSM) and provides a way to identify important quality attributes and clarify system requirements before the software architecture has been created. This is the third edition of a technical report describing the QAW. We have narrowed the scope of a QAW to the creation of prioritized and refined scenarios. This report describes the newly revised QAW and describes potential uses of the refined scenarios generated during it.},
    address = {Pttsburgh},
    author = {Barbacci, Mario R. and Ellison, Robert and Lattanze, Anthony J. and Stafford, Judith A. and Weinstock, Charles B. and Wood, William G.},
    booktitle = {Quality},
    file = {::},
    institution = {Software Engineering Institue - Carnegie Mellon},
    keywords = {QAW,Quality Attribute Workshop,attribute requirements,attribute tradeoffs,quality attributes,scenarios},
    mendeley-groups = {SEI,Architecture},
    number = {August},
    title = {{Quality Attribute Workshops (QAWs), Third Edition}},
    year = {2003} }

@book{Bass2021,
    author = {Bass, Len and Clements, Paul and Kazman, Rick},
    edition = {4th edition},
    keywords = {Architecture},
    publisher = {Addison-Wesley},
    series = {SEI Series in Software Engineering},
    title = {{Software Architecture in Practice}},
    ISBN = {978-0136886099},
    year = {2021}
}

@techreport{ISO25010,
    author = {{International Organization for Standardization}},
    type = {Standard},
    key = {ISO/IEC 25010:2011(E)},
    month = mar,
    year = {2011},
    title = {{Systems and software engineering -- Systems and software Quality Requirements -- and Evaluation (SQuaRE) -- System and software quality models}},
    volume = {2011},
    address = {Case postale 56, CH-1211 Geneva 20},
    institution = {International Organization for Standardization}
}

@INPROCEEDINGS{Lang2022,
    author = {Lang, Michael and Dowling, Seamus and Lennon, Ruth G.},
    booktitle = {2022 Cyber Research Conference - Ireland (Cyber-RCI)},
    title = {The Current State of Cyber Security in Ireland},
    year = {2022},
    volume = {},
    number = {},
    pages = {1-2},
    doi = {10.1109/Cyber-RCI55324.2022.10032682}
}